<record><leader>00000cas a22000007a 4500</leader><controlfield tag="001">13517460</controlfield><controlfield tag="008">860501d19411943couwr ne      0    0eng d</controlfield><datafield ind1=" " ind2=" " tag="010"><subfield code="a">sn 91052287 </subfield></datafield><datafield ind1=" " ind2=" " tag="040"><subfield code="a">DPL</subfield><subfield code="b">eng</subfield><subfield code="c">DPL</subfield><subfield code="d">NPH</subfield><subfield code="d">CNQ</subfield><subfield code="d">OCLCQ</subfield><subfield code="d">OCLCO</subfield></datafield><datafield ind1="1" ind2=" " tag="029"><subfield code="a">AU@</subfield><subfield code="b">000025864846</subfield></datafield><datafield ind1=" " ind2=" " tag="042"><subfield code="a">msc</subfield></datafield><datafield ind1=" " ind2=" " tag="043"><subfield code="a">n-us-co</subfield><subfield code="a">n-us---</subfield></datafield><datafield ind1="0" ind2=" " tag="130"><subfield code="a">Lowry Field rev-meter (Denver, Colo. : 1941)</subfield></datafield><datafield ind1="1" ind2="4" tag="245"><subfield code="a">The Lowry Field rev-meter.</subfield></datafield><datafield ind1=" " ind2=" " tag="260"><subfield code="a">Denver, Colo. :</subfield><subfield code="b">Col. Early E.W. Duncan</subfield></datafield><datafield ind1=" " ind2=" " tag="300"><subfield code="a">v.</subfield></datafield><datafield ind1=" " ind2=" " tag="310"><subfield code="a">Weekly</subfield></datafield><datafield ind1="0" ind2=" " tag="362"><subfield code="a">Vol. 1, no. 2 (May 23, 1941)-v.2, no. 44 (Mar. 19, 1943).</subfield></datafield><datafield ind1=" " ind2=" " tag="530"><subfield code="a">Available on microfilm from the Colorado Historical Society.</subfield></datafield><datafield ind1="1" ind2="0" tag="610"><subfield code="a">Lowry Air Force Base (Colo.)</subfield><subfield code="x">Officials and employees</subfield><subfield code="v">Periodicals.</subfield></datafield><datafield ind1=" " ind2="0" tag="651"><subfield code="a">United States</subfield><subfield code="x">Armed Forces</subfield><subfield code="v">Newspapers.</subfield></datafield><datafield ind1=" " ind2=" " tag="752"><subfield code="a">United States</subfield><subfield code="b">Colorado</subfield><subfield code="c">Denver</subfield><subfield code="d">Denver.</subfield></datafield><datafield ind1="0" ind2="0" tag="780"><subfield code="t">Lowry Field????</subfield><subfield code="w">(DLC)sn 91052286</subfield></datafield><datafield ind1="0" ind2="0" tag="785"><subfield code="t">Rev-meter (Denver, Colo. : 1943)</subfield><subfield code="w">(DLC)sn 91052288</subfield><subfield code="w">(OCoLC)12581443</subfield></datafield></record>